
@ONLINE{virtnat_anadtech,
url="http://www.anandtech.com/show/2770/10",
author="anandtech",
title="Real-world virtualization benchmarking: the best server CPUs compared",
day="29",
month="5",
year="2009",
}

@ONLINE{40pperf,
url="http://www.embedded.com/electronics-news/4397737/X86-emulation-coming-to-ARM-processors",
author="Bernard Cole",
title="X86 emulation coming to ARM processors",
day="3",
month="10",
year="2012",
publisher="Embedded"
}

@ONLINE{ajoneuvodirektiivi1,
url="http://www.sunit.fi/en/news.php?show=9",
author="Sunit Oy",
title="Sunit ajoneuvotietokoneet täyttävät EMC directiivin 2004/104/EY",
year="2006",
}

@ONLINE{TEMPLATE,
url="xxxxxxxxxxxxxxxxxxx",
author="xxxxxxxxxxxxxxxxx",
title="xxxxxxxxxxxxxxxxxxxxxxx",
day="xxxxxxxxxxxx",
month="xxxxxxxxxxxxxxx",
year="xxxxxxxxxxxx",
}
