
@ONLINE{virtnat_anadtech,
url="http://www.anandtech.com/show/2770/10",
author={{Anandtech}},
title="Real-world virtualization benchmarking: the best server CPUs compared",
day="29",
month="5",
year="2009",
}

@ONLINE{40pperf,
url="http://www.embedded.com/electronics-news/4397737/X86-emulation-coming-to-ARM-processors",
author="Bernard Cole",
title="X86 emulation coming to ARM processors",
day="3",
month="10",
year="2012",
publisher="Embedded"
}

@ONLINE{ajoneuvodirektiivi1,
url="http://www.sunit.fi/en/news.php?show=9",
author={{Sunit Oy}},
title="Sunit ajoneuvotietokoneet täyttävät EMC directiivin 2004/104/EY",
year="2006",
}

@ONLINE{1999/5/EY,
url="http://www.edilex.fi.ezproxy.metropolia.fi/eu-lainsaadanto/31999L0005?offset=1&perpage=20&phrase=1999%2F5%2FEY&sort=relevance&searchKey=430515",
author={{EUROOPAN PARLAMENTTI JA EUROOPAN UNIONIN NEUVOSTO}},
title="EPNDir «1999/5/EY» radio- ja telepäätelaitteista ja niiden vaatimustenmukaisuuden vastavuoroisesta tunnustamisesta 9.3.1999",
day="9",
month="3",
year="1999",
}

@ONLINE{89/336/ETY,
url="http://eur-lex.europa.eu/legal-content/FI/TXT/HTML/?uri=CELEX:31989L0336&from=FI",
author={{EUROOPAN YHTEISÖJEN NEUVOSTO}},
title="Neuvoston direktiivi 89/336/ETY, annettu 3 päivänä toukokuuta 1989, sähkömagneettista yhteensopivuutta koskevan jäsenvaltioiden lainsäädännön lähentämisestä",
day="3",
month="5",
year="1989",
}

@ONLINE{2004/104/EY,
url="http://eur-lex.europa.eu/legal-content/FI/TXT/HTML/?uri=CELEX:32004L0104&from=en",
author={{EUROOPAN YHTEISÖJEN KOMISSIO}},
title="moottoriajoneuvojen radiohäiriöitä (sähkömagneettista yhteensopivuutta) koskevan neuvoston direktiivin 72/245/ETY mukauttamisesta tekniikan kehitykseen ja moottoriajoneuvojen ja niiden perävaunujen tyyppihyväksyntää koskevan jäsenvaltioiden lainsäädännön lähentämisestä annetun direktiivin 70/156/ETY muuttamisesta",
day="14",
month="10",
year="2004",
}

@ONLINE{2014/53/EU,
url="http://eur-lex.europa.eu/legal-content/FI/TXT/HTML/?uri=CELEX:32014L0053&from=FI",
author={{EUROOPAN PARLAMENTTI JA EUROOPAN UNIONIN NEUVOSTO}},
title="EUROOPAN PARLAMENTIN JA NEUVOSTON DIREKTIIVI 2014/53/EU, radiolaitteiden asettamista saataville markkinoilla koskevan jäsenvaltioiden lainsäädännön yhdenmukaistamisesta ja direktiivin 1999/5/EY kumoamisesta",
day="16",
month="4",
year="2014",
}

@ONLINE{2004/108/EY,
url="http://eur-lex.europa.eu/LexUriServ/LexUriServ.do?uri=OJ:L:2004:390:0024:0037:fi:PDF",
author={{EUROOPAN PARLAMENTTI JA EUROOPAN UNIONIN NEUVOSTO}},
title="EUROOPAN PARLAMENTIN JA NEUVOSTON DIREKTIIVI 2004/108/EY, sähkömagneettista yhteensopivuutta koskevan jäsenvaltioiden lainsäädännön lähentämisestä ja direktiivin 89/336/ETY kumoamisesta",
day="15",
month="12",
year="2004",
}

@ONLINE{IEC60529,
url="http://www.maximintegrated.com/en/app-notes/index.mvp/id/4126",
author={{Maxim Integrated Products, Inc}},
title="Understanding the IP (Ingress Protection) Ratings of iButton Data Loggers and Capsule",
day="31",
month="10",
year="2007",
}

@ONLINE{rpi_emu,
url="http://www.raspberrypi.org/forums/viewtopic.php?f=56&t=13161",
author="thekeywordgeek",
title="Forget Windows 8, here's Windows 95!",
day="1",
month="8",
year="2012",
}

@ONLINE{rpi_emu2,
url="http://rpix86.patrickaalto.com/index.html",
author="Patrick Aalto",
title="rpix86 - Main Page",
day="6",
month="4",
year="2014",
}

@ONLINE{pearpc,
url="http://pearpc.sourceforge.net/about.html",
title="About PearPC",
year="2015",
}

@ONLINE{qemu_use,
url="http://wiki.qemu.org/download/qemu-doc.html#Supported-Operating-Systems",
author="Anthony Liguori",
title="QEMU Emulator User Documentation: 5.1 Supported Operating Systems",
day="29",
month="1",
year="2010",
}

@ONLINE{tinycc,
url="http://landley.net/aboriginal/presentation.html#cross_advantages",
author="Rob Landley and Mark Miller",
title="Developing for non-x86 targets using QEMU: Advantages of cross-compiling",
day="26",
month="9",
year="2010",
}


@ONLINE{motomit:manual,
url="http://files.kotisivukone.com/productsupport.tarjoaa.fi/Kayttoohjeet_Motomitille_9.1.2013/suomi/user_manual_fin_v070.pdf",
author={{Pasi Lääninpää Oy}},
title="Motomit IT / PC: Hakkuukoneen apteeraus- ja ohjausjärjestelmän käyttöohje",
month="2",
year="2008",
}


@ONLINE{motomit:esite,
url="http://files.kotisivukone.com/productsupport.tarjoaa.fi/Esitteet/Motomit/motomit_fi.pdf",
author={{Parker Hannifin Oy, Electronic Controls Division}},
title="Motomit Metsäkonejärjestelmät",
month="8",
year="2008",
}

@ONLINE{wine:manual,
url="http://ftp.winehq.org/pub/wine/docs/en/wineusr-guide.pdf",
author={{Wine Project}},
title="Wine User Guide",
day="4",
month="2",
year="2014",
}

@ONLINE{xubuntu:about,
url="http://xubuntu.org/about/",
author={{Xubuntu Project}},
title="About Xubuntu",
year="2015",
}


@ONLINE{fs_amilo:review,
url="http://www.notebookcheck.net/Review-Fujitsu-Siemens-Amilo-Pa2510-Notebook.4329.0.html",
author="J. Simon Leitner",
title="Review Fujitsu-Siemens Amilo Pa 2510 Notebook",
day="11",
month="08",
year="2007",
}

@ONLINE{thinkwiki:serial,
url="http://www.thinkwiki.org/w/index.php?title=Serial_Port&oldid=54787",
author={{ThinkWiki Community}},
title="ThinkWiki: Serial Port",
day="3",
month="9",
year="2013",
}

@ONLINE{hp:laptop,
url="http://h71016.www7.hp.com/dstore/html/pdfs/US_CA_English_HP_ProBook_650_Datasheet.pdf",
author={{Hewlett-Packard}},
title="HP ProBook 650 Notebook PC",
month="9",
year="2013",
}

@ONLINE{eltechs:exagear,
url="http://eltechs.com/product/exagear-desktop",
author={{Eltechs}},
title="ExaGear Desktop: Running Intel x86 applications on ARM-based Mini PCs",
year="2014",
}


@ONLINE{sd:2gb,
url="https://www.sdcard.org/consumers/speed/bus_speed/index.html",
author={{SD Association}},
title="Bus Speed",
year="2014",
}

@ONLINE{win98:maxspecs,
url="http://www.techrepublic.com/blog/classics-rock/is-windows-98-still-an-option/",
author={{John Sheesley}},
publisher="TechRepublic",
title="Is Windows 98 still an option?",
day="5",
month="3",
year="2008",
}

@ONLINE{win98:vulns,
url="http://www.cvedetails.com/product-list/firstchar-W/vendor_id-26/products.html",
author="CVEdetails",
title="Microsoft : List Of All Product Vulnerabilites",
day="04",
month="04",
year="2015",
}

@ONLINE{serial:unitek,
url="http://www.unitek-products.com/en/product_detail.php?id=13",
author={{Unitek International Group Limited}} ,
title="USB to Dual Serial Cable Y-106",
year="2014",
}

@ONLINE{dosbox:conf,
url="http://www.dosbox.com/wiki/index.php?title=Dosbox.conf&oldid=134463",
author={{Dosbox community}},
title="Dosbox wiki: Dosbox.conf",
day="28",
month="11",
year="2013",
}



@ONLINE{TEMPLATE,
url="xxxxxxxxxxxxxxxxxxx",
author="xxxxxxxxxxxxxxxxx",
title="xxxxxxxxxxxxxxxxxxxxxxx",
day="xxxxxxxxxxxx",
month="xxxxxxxxxxxxxxx",
year="xxxxxxxxxxxx",
}